

@article{de2007chemiluminescence,
  title={Chemiluminescence of 1, 2-dioxetane. reaction mechanism uncovered},
  author={De Vico, Luca and Liu, Ya-Jun and Krogh, Jesper Wisborg and Lindh, Roland},
  journal={The Journal of Physical Chemistry A},
  volume={111},
  number={32},
  pages={8013--8019},
  year={2007},
  publisher={ACS Publications}
}

